<record><leader>01105cam a2200337 a 4500</leader><controlfield tag="001">1391527</controlfield><controlfield tag="008">910726s1985    enka     b      1 0 eng d</controlfield><datafield ind1=" " ind2=" " tag="010"><subfield code="a">   88129585</subfield></datafield><datafield ind1=" " ind2=" " tag="010"><subfield code="a">   88129585</subfield></datafield><datafield ind1=" " ind2=" " tag="020"><subfield code="a">0063183145 (pbk.)</subfield></datafield><datafield ind1=" " ind2=" " tag="035"><subfield code="a">ocm18324692</subfield></datafield><datafield ind1=" " ind2=" " tag="040"><subfield code="a">DLC</subfield><subfield code="b">eng</subfield><subfield code="c">DLC</subfield></datafield><datafield ind1=" " ind2=" " tag="049"><subfield code="a">AEU</subfield><subfield code="b">eng</subfield></datafield><datafield ind1="0" ind2="0" tag="050"><subfield code="a">HC59</subfield><subfield code="b">.F448 1985</subfield></datafield><datafield ind1="0" ind2=" " tag="082"><subfield code="a">333.7</subfield><subfield code="2">19</subfield></datafield><datafield ind1="0" ind2=" " tag="090"><subfield code="a">HC 59 F365 1985</subfield></datafield><datafield ind1="1" ind2=" " tag="100"><subfield code="a">Fernie, John,</subfield><subfield code="d">1948-</subfield></datafield><datafield ind1="1" ind2="0" tag="245"><subfield code="a">Resources :</subfield><subfield code="b">environment &amp; policy /</subfield><subfield code="c">John Fernie and Alan S. Pitkethly.</subfield></datafield><datafield ind1=" " ind2=" " tag="260"><subfield code="a">London ;</subfield><subfield code="a">Hagerstown [Md.] :</subfield><subfield code="b">Harper &amp; Row,</subfield><subfield code="c">1985.</subfield></datafield><datafield ind1=" " ind2=" " tag="300"><subfield code="a">x, 338 p. :</subfield><subfield code="b">ill. ;</subfield><subfield code="c">24 cm.</subfield></datafield><datafield ind1=" " ind2=" " tag="336"><subfield code="a">text</subfield><subfield code="b">txt</subfield><subfield code="2">rdacontent</subfield></datafield><datafield ind1=" " ind2=" " tag="337"><subfield code="a">unmediated</subfield><subfield code="b">n</subfield><subfield code="2">rdamedia</subfield></datafield><datafield ind1=" " ind2=" " tag="338"><subfield code="a">volume</subfield><subfield code="b">nc</subfield><subfield code="2">rdacarrier</subfield></datafield><datafield ind1=" " ind2=" " tag="500"><subfield code="a">Includes index.</subfield></datafield><datafield ind1=" " ind2=" " tag="504"><subfield code="a">Bibliography: p. [308]-335.</subfield></datafield><datafield ind1=" " ind2=" " tag="596"><subfield code="a">38</subfield></datafield><datafield ind1=" " ind2="0" tag="650"><subfield code="a">Natural resources</subfield><subfield code="x">Management.</subfield></datafield><datafield ind1=" " ind2="0" tag="650"><subfield code="a">Environmental policy.</subfield></datafield><datafield ind1=" " ind2="0" tag="650"><subfield code="a">Environmental protection.</subfield></datafield><datafield ind1="1" ind2=" " tag="700"><subfield code="a">Pitkethly, Alan.</subfield></datafield><datafield ind1=" " ind2=" " tag="926"><subfield code="a">HC 59 F365 1985</subfield><subfield code="w">LC</subfield><subfield code="c">1</subfield><subfield code="i">000037222775</subfield><subfield code="d">12/2/2002</subfield><subfield code="l">ON_SHELF</subfield><subfield code="m">UABARD</subfield><subfield code="n">19</subfield><subfield code="p">$150.00</subfield><subfield code="r">Y</subfield><subfield code="s">Y</subfield><subfield code="t">BOOK</subfield><subfield code="u">7/31/1991</subfield><subfield code="o">.STAFF. B48380</subfield></datafield></record>